@book{kasap2006principles,
  title={Principles of electronic materials and devices},
  author={Kasap, Safa O},
  volume={2},
  year={2006},
  publisher={McGraw-Hill New York}
}

@MISC{WikipediaEN:LineIntegral,
    author = {{Lucas V. Barbosa}},
    title = {Line Integral of a Scalar Field},
    year = {2012},
    note = {[Online; accessed July 17, 2017]},
    url = {https://commons.wikimedia.org/wiki/File:Line_integral_of_scalar_field.gif}
}